@techreport{magerman2016heterogeneous,
  title={Heterogeneous firms and the micro origins of aggregate fluctuations},
  author={Magerman, Glenn and De Bruyne, Karolien and Dhyne, Emmanuel and Van Hove, Jan},
  year={2016},
  institution={NBB Working Paper}
}